<record><leader>00000cas a22000007a 4500</leader><controlfield tag="001">11980456</controlfield><controlfield tag="008">850430d18711900ohuwr ne      0    0eng d</controlfield><datafield ind1=" " ind2=" " tag="010"><subfield code="a">sn 85038258 </subfield></datafield><datafield ind1=" " ind2=" " tag="040"><subfield code="a">NPY</subfield><subfield code="b">eng</subfield><subfield code="c">NPY</subfield><subfield code="d">NPU</subfield><subfield code="d">OCLCQ</subfield></datafield><datafield ind1=" " ind2=" " tag="042"><subfield code="a">msc</subfield></datafield><datafield ind1="0" ind2=" " tag="130"><subfield code="a">Toledo Sunday journal (Toledo, Ohio : 1871)</subfield></datafield><datafield ind1="1" ind2="0" tag="245"><subfield code="a">Toledo Sunday journal.</subfield></datafield><datafield ind1="1" ind2="3" tag="246"><subfield code="a">Sunday journal</subfield></datafield><datafield ind1=" " ind2=" " tag="260"><subfield code="a">Toledo, Ohio :</subfield><subfield code="b">[Bateson &amp; Chapin]</subfield></datafield><datafield ind1=" " ind2=" " tag="300"><subfield code="a">v. :</subfield><subfield code="b">ill. (chiefly advertisements) ;</subfield><subfield code="c">73 cm.</subfield></datafield><datafield ind1=" " ind2=" " tag="310"><subfield code="a">Weekly</subfield></datafield><datafield ind1="1" ind2=" " tag="362"><subfield code="a">Began in 1871; ceased in 1900.</subfield><subfield code="z">Cf. Scribner, H. Memoirs of Lucas County and the City of Toledo, 1910.</subfield></datafield><datafield ind1=" " ind2=" " tag="500"><subfield code="a">Publisher varies.</subfield></datafield><datafield ind1=" " ind2=" " tag="500"><subfield code="a">Title also known as: Sunday journal.</subfield></datafield><datafield ind1=" " ind2=" " tag="580"><subfield code="a">Weekly edition was issued (1880?-1892) for circulation outside of Toledo.</subfield></datafield><datafield ind1=" " ind2=" " tag="588"><subfield code="a">Description based on: New ser. vol. 3, whole no. 192 (Mar. 30, 1873.</subfield></datafield><datafield ind1=" " ind2=" " tag="752"><subfield code="a">United States</subfield><subfield code="b">Ohio</subfield><subfield code="c">Lucas</subfield><subfield code="d">Toledo.</subfield></datafield><datafield ind1="0" ind2="0" tag="780"><subfield code="t">Toledo journal (Toledo, Ohio : 1868)</subfield></datafield><datafield ind1="0" ind2="7" tag="785"><subfield code="t">Sunday morning courier</subfield></datafield><datafield ind1="0" ind2="7" tag="785"><subfield code="t">Sunday courier-journal</subfield></datafield></record>